@InProceedings{borromean,
author="Poelstra, Andrew
and Back, Adam
and Friedenbach, Mark
and Maxwell, Gregory
and Wuille, Pieter",
editor="Zohar, Aviv
and Eyal, Ittay
and Teague, Vanessa
and Clark, Jeremy
and Bracciali, Andrea
and Pintore, Federico
and Sala, Massimiliano",
title="Confidential Assets",
booktitle="Financial Cryptography and Data Security",
year="2019",
publisher="Springer Berlin Heidelberg",
address="Berlin, Heidelberg",
pages="43--63",
isbn="978-3-662-58820-8"
}

@INPROCEEDINGS{bp,
  author={BÃ¼nz, Benedikt and Bootle, Jonathan and Boneh, Dan and Poelstra, Andrew and Wuille, Pieter and Maxwell, Greg},
  booktitle={2018 IEEE Symposium on Security and Privacy (SP)}, 
  title={Bulletproofs: Short Proofs for Confidential Transactions and More}, 
  year={2018},
  volume={},
  number={},
  pages={315-334},
  doi={10.1109/SP.2018.00020}}


@ARTICLE{bpp,
  author={Chung, Heewon and Han, Kyoohyung and Ju, Chanyang and Kim, Myungsun and Seo, Jae Hong},
  journal={IEEE Access}, 
  title={Bulletproofs+: Shorter Proofs for a Privacy-Enhanced Distributed Ledger}, 
  year={2022},
  volume={10},
  number={},
  pages={42081-42096},
  doi={10.1109/ACCESS.2022.3167806}}

@inproceedings {curve_trees,
author = {Matteo Campanelli and Mathias Hall-Andersen and Simon Holmgaard Kamp},
title = {Curve Trees: Practical and Transparent Zero-Knowledge Accumulators},
booktitle = {32nd USENIX Security Symposium (USENIX Security 23)},
year = {2023},
isbn = {978-1-939133-37-3},
address = {Anaheim, CA},
pages = {4391--4408},
url = {https://www.usenix.org/conference/usenixsecurity23/presentation/campanelli},
publisher = {USENIX Association},
month = aug
}

@inproceedings{omniring,
author = {Lai, Russell W. F. and Ronge, Viktoria and Ruffing, Tim and Schr\"{o}der, Dominique and Thyagarajan, Sri Aravinda Krishnan and Wang, Jiafan},
title = {Omniring: Scaling Private Payments Without Trusted Setup},
year = {2019},
isbn = {9781450367479},
publisher = {Association for Computing Machinery},
address = {New York, NY, USA},
url = {https://doi.org/10.1145/3319535.3345655},
doi = {10.1145/3319535.3345655},
booktitle = {Proceedings of the 2019 ACM SIGSAC Conference on Computer and Communications Security},
pages = {31-48},
numpages = {18},
location = {London, United Kingdom},
series = {CCS '19}
}

@InProceedings{holistic,
author="Cremers, Cas
and Loss, Julian
and Wagner, Benedikt",
editor="Joye, Marc
and Leander, Gregor",
title="A Holistic Security Analysis of {M}onero Transactions",
booktitle="Advances in Cryptology -- EUROCRYPT 2024",
year="2024",
publisher="Springer Nature Switzerland",
address="Cham",
pages="129--159",
isbn="978-3-031-58734-4"
}

@InProceedings{fs,
author="Bernhard, David
and Pereira, Olivier
and Warinschi, Bogdan",
editor="Wang, Xiaoyun
and Sako, Kazue",
title="How Not to Prove Yourself: Pitfalls of the {F}iat-{S}hamir Heuristic and Applications to {H}elios",
booktitle="Advances in Cryptology -- ASIACRYPT 2012",
year="2012",
publisher="Springer Berlin Heidelberg",
address="Berlin, Heidelberg",
pages="626--643",
isbn="978-3-642-34961-4"
}

@misc{clsag,
      author = {Brandon Goodell and Sarang Noether and Arthur Blue},
      title = {Concise Linkable Ring Signatures and Forgery Against Adversarial Keys},
      howpublished = {Cryptology ePrint Archive, Paper 2019/654},
      year = {2019},
      note = {\url{https://eprint.iacr.org/2019/654}},
      url = {https://eprint.iacr.org/2019/654}
}

@article{ringct,
  title={Ring Confidential Transactions},
  author={Noether, Shen and Mackenzie, Adam and others},
  journal={Ledger},
  volume={1},
  pages={1--18},
  year={2016}
}

@InProceedings{schnorr,
author="Camenisch, Jan
and Kiayias, Aggelos
and Yung, Moti",
editor="Joux, Antoine",
title="On the Portability of Generalized {S}chnorr Proofs",
booktitle="Advances in Cryptology - EUROCRYPT 2009",
year="2009",
publisher="Springer Berlin Heidelberg",
address="Berlin, Heidelberg",
pages="425--442",
isbn="978-3-642-01001-9"
}

@InProceedings{sim_ext,
author="Faust, Sebastian
and Kohlweiss, Markulf
and Marson, Giorgia Azzurra
and Venturi, Daniele",
editor="Galbraith, Steven
and Nandi, Mridul",
title="On the Non-malleability of the {F}iat-{S}hamir Transform",
booktitle="Progress in Cryptology - INDOCRYPT 2012",
year="2012",
publisher="Springer Berlin Heidelberg",
address="Berlin, Heidelberg",
pages="60--79",
isbn="978-3-642-34931-7"
}

@InProceedings{bp_agm,
author="Ganesh, Chaya
and Orlandi, Claudio
and Pancholi, Mahak
and Takahashi, Akira
and Tschudi, Daniel",
editor="Dunkelman, Orr
and Dziembowski, Stefan",
title="{F}iat--{S}hamir {B}ulletproofs are Non-Malleable (in the Algebraic Group Model)",
booktitle="Advances in Cryptology -- EUROCRYPT 2022",
year="2022",
publisher="Springer International Publishing",
address="Cham",
pages="397--426",
isbn="978-3-031-07085-3"
}

@misc{bp_rom,
      author = {Chaya Ganesh and Claudio Orlandi and Mahak Pancholi and Akira Takahashi and Daniel Tschudi},
      title = {{F}iat-{S}hamir {B}ulletproofs are Non-Malleable (in the Random Oracle Model)},
      howpublished = {Cryptology ePrint Archive, Paper 2023/147},
      year = {2023},
      note = {\url{https://eprint.iacr.org/2023/147}},
      url = {https://eprint.iacr.org/2023/147}
}

@INPROCEEDINGS{weak_fs,
  author={Dao, Quang and Miller, Jim and Wright, Opal and Grubbs, Paul},
  booktitle={2023 IEEE Symposium on Security and Privacy (SP)}, 
  title={Weak {F}iat-{S}hamir Attacks on Modern Proof Systems}, 
  year={2023},
  volume={},
  number={},
  pages={199-216},
  keywords={Surveys;Privacy;Smart contracts;Cryptocurrency;Security;zero-knowledge;proof-systems;Fiat-Shamir;attacks;applied-cryptography;blockchain},
  doi={10.1109/SP46215.2023.10179408}}

@InProceedings{bp_spartan_simext,
author="Dao, Quang
and Grubbs, Paul",
editor="Hazay, Carmit
and Stam, Martijn",
title="Spartan and {B}ulletproofs are Simulation-Extractable (for Free!)",
booktitle="Advances in Cryptology -- EUROCRYPT 2023",
year="2023",
publisher="Springer Nature Switzerland",
address="Cham",
pages="531--562",
isbn="978-3-031-30617-4"
}
